%% This BibTeX bibliography file was created using BibDesk.
%% http://bibdesk.sourceforge.net/


%% Created for lazy at 2014-02-17 16:26:06 +0100 


%% Saved with string encoding Unicode (UTF-8) 



@online{wikipedia_DigestHTTP,
  Author =	 {Wikipedia},
  Date-Added =	 {2014-02-17 15:25:19 +0000},
  Date-Modified ={2014-02-17 15:25:19 +0000},
  Title =	 {Digest access authentication - Wikipedia, the free
                  encyclopedia},
  Url =		 {http://en.wikipedia.org/wiki/Digest_authentication},
  Urldate =	 {2014-02-15},
  Bdsk-Url-1 =	 {http://en.wikipedia.org/wiki/Digest_authentication},
  Note =	 {Accessed 2014-02-15}
}

@online{wikipedia_IPSec,
  Author =	 {Wikipedia},
  Date-Added =	 {2014-02-17 15:24:32 +0000},
  Date-Modified ={2014-02-17 15:24:32 +0000},
  Title =	 {IPsec - Wikipedia, the free encyclopedia},
  Url =		 {http://en.wikipedia.org/wiki/Ipsec},
  Urldate =	 {2014-02-15},
  Bdsk-Url-1 =	 {http://en.wikipedia.org/wiki/Ipsec},
  Note =	 {Accessed 2014-02-15}
}

@online{cisco_difference,
  Author =	 {{Cisco Systems, Inc.}},
  Date-Added =	 {2014-02-17 15:21:57 +0000},
  Date-Modified ={2014-02-17 15:21:57 +0000},
  Title =	 {What Is the Difference: Viruses, Worms, Trojans, and
                  Bots?},
  Url =
                  {http://www.cisco.com/web/about/security/intelligence/virus-worm-diffs.html},
  Urldate =	 {2014-02-15},
  Bdsk-Url-1 =
                  {http://www.cisco.com/web/about/security/intelligence/virus-worm-diffs.html},
  Note =	 {Accessed 2014-02-15}
}

@book{aycock06,
	Author = {John Aycock},
	Publisher = {Springer US},
	Title = {Computer Viruses and Malware},
	Year = {2006}}

@book{bishop02,
	Author = {Matt Bishop},
	Publisher = {Addison Wesley},
	Title = {Computer Security},
	Year = 2002}

@article{sagiroglu09,
	Author = {Seref Sagiroglu and Gurol Canbek},
	Journal = {IEEE Technology and Society Magazine},
	Title = {Keyloggers},
	Year = 2009}

@conference{vuagnoux10,
	Author = {Martin Vuagnoux and Sylvain Pasini},
	Booktitle = {Electromagnetic Compatibility (EMC), 2010 IEEE International Symposium on},
	Title = {An improved technique to discover compromising electromagnetic emanations},
	Year = 2010}

@online{wikipedia_BasicHTTP,
  Author =	 {Wikipedia},
  Date-Modified ={2014-02-17 15:26:02 +0000},
  Title =	 {Basic access authentication - Wikipedia, the free
                  encyclopedia},
  Url =
                  {http://en.wikipedia.org/wiki/Basic_access_authentication},
  Urldate =	 {2014-02-15},
  Bdsk-Url-1 =	 {http://en.wikipedia.org/wiki/Digest_authentication},
  Note =	 {Accessed 2014-02-15}
}

@online{cisco_botnets,
  Author =	 {{Cisco Systems, Inc.}},
  Title =	 {Botnets: The New Threat Landscape Paper},
  Url =
                  {http://www.cisco.com/c/en/us/solutions/collateral/enterprise-networks/threat-control/networking_solutions_whitepaper0900aecd8072a537.html},
  Urldate =	 {2014-02-15},
  Bdsk-Url-1 =
                  {http://www.cisco.com/c/en/us/solutions/collateral/enterprise-networks/threat-control/networking_solutions_whitepaper0900aecd8072a537.html},
  Note =	 {Accessed 2014-02-15}
}

@online{mcafee06,
  Author =	 {{McAfee, Inc.}},
  Title =	 {Rootkits, Part 1 of 3: The Growing Threat},
  Url =
                  {http://web.archive.org/web/20060823090948/http://www.mcafee.com/us/local_content/white_papers/threat_center/wp_akapoor_rootkits1_en.pdf},
  Urldate =	 {2014-02-15},
  Year =	 2006,
  Bdsk-Url-1 =
                  {http://web.archive.org/web/20060823090948/http://www.mcafee.com/us/local_content/white_papers/threat_center/wp_akapoor_rootkits1_en.pdf},
  Note =	 {Accessed 2014-02-15}
}

@online{wikipedia_keylogger,
  Author =	 {Wikipedia},
  Title =	 {Keystroke logging},
  Url =		 {http://en.wikipedia.org/wiki/Keystroke_logging},
  Urldate =	 {2014-02-15},
  Year =	 2014,
  Bdsk-Url-1 =	 {http://en.wikipedia.org/wiki/Keystroke_logging},
  Note =	 {Accessed 2014-02-15}
}

@online{wikipedia_rootkit,
  Author =	 {Wikipedia},
  Title =	 {Rootkit},
  Url =		 {http://en.wikipedia.org/wiki/Rootkit},
  Urldate =	 {2014-02-15},
  Year =	 2014,
  Bdsk-Url-1 =	 {http://en.wikipedia.org/wiki/Rootkit},
  Note =	 {Accessed 2014-02-15}
}

@online{metasploit,
  Altauthor =	 {Jordan},
  Date =	 {14 Feb 2014},
  Title =	 {Introduction to Metasploit},
  Url =
                  {http://raidersec.blogspot.se/2012/03/introduction-to-metasploit.html},
  Bdsk-Url-1 =
                  {http://raidersec.blogspot.se/2012/03/introduction-to-metasploit.html},
  Note =	 {Accessed 2014-02-14}
}

@online{snort,
  Altauthor =	 {Wikipedia},
  Date =	 {15 Feb 2014},
  Title =	 {Intrusion detection system},
  Url =
                  {http://en.wikipedia.org/wiki/Intrusion_detection_system},
  Bdsk-Url-1 =
                  {http://en.wikipedia.org/wiki/Intrusion_detection_system},
  Note =	 {Accessed 2014-02-15}
}
